@article{Mishne2017, 
author={G. Mishne and I. Cohen}, 
journal={IEEE Journal of Selected Topics in Signal Processing}, 
title={Multiscale Anomaly Detection Using Diffusion Maps}, 
year={2013}, 
volume={7}, 
number={1}, 
pages={111-123}, 
month={Feb}
}
